@article{dhiman2018emperor,
	author = {Dhiman, Gaurav and Kumar, Vijay},
	journal = {Knowledge-Based Systems},
	year = {2018},
	pages = {20--50},
	publisher = {},
	title = {Emperor penguin optimizer: A bio-inspired algorithm for engineering problems.},
	volume = {159},
}

@article{article,
author = {Toulouse, Michel},
year = {2003},
month = {01},
pages = {},
title = {Parallel Strategies for Meta-Heuristics},
isbn = {1402072635},
doi = {10.1007/0-306-48056-5_17}
}

@article{GONG2015286,
title = {Distributed evolutionary algorithms and their models: A survey of the state-of-the-art},
journal = {Applied Soft Computing},
volume = {34},
pages = {286-300},
year = {2015},
issn = {1568-4946},
doi = {https://doi.org/10.1016/j.asoc.2015.04.061},
url = {https://www.sciencedirect.com/science/article/pii/S1568494615002987},
author = {Yue-Jiao Gong and Wei-Neng Chen and Zhi-Hui Zhan and Jun Zhang and Yun Li and Qingfu Zhang and Jing-Jing Li}
}

@MISC{simulationlib, 
 author = {Surjanovic, S. and Bingham, D.}, 
 title = {Virtual Library of Simulation Experiments: Test Functions and Datasets}, 
 howpublished = {Retrieved February 15, 2025, from \url{http://www.sfu.ca/~ssurjano}} 
}

@misc{pepo,
  author = {Chiara Marangoni, Simone De Carli },
  title = {Parallel Emperor Penguin Optimizer (PEPO)},
  year = {2025},
  publisher = {GitHub},
  journal = {GitHub repository},
  howpublished = {\url{https://github.com/Congiuntivo/pepo}},
  commit = {0b515dc26a6dc29c0ca29359a358df20c97b0f9d}
}

@article{EPOWIV,
author = {Serag, Ahmed and Sabry, Hegazy and Ragaa, Naglaa and Sayed, Heba},
year = {2024},
month = {06},
pages = {},
title = {Improving the Emperor Penguin Optimizer Algorithm through Adapted Weighted Sum Mutation Strategy with Information Vector},
volume = {48},
journal = {Informatica},
doi = {10.31449/inf.v48i10.5757}
}

@misc{rosa2019opytimizer,
    title={Opytimizer: A Nature-Inspired Python Optimizer},
    author={Gustavo H. de Rosa, Douglas Rodrigues and Jo√£o P. Papa},
    year={2019},
    eprint={1912.13002},
    archivePrefix={arXiv},
    primaryClass={cs.NE}
}